<?xml version="1.0" encoding="UTF-8"?><collection xmlns="http://www.loc.gov/MARC21/slim"><record><leader>00477nam--2200181-i-4500</leader><controlfield tag="001">000020328</controlfield><controlfield tag="002">20161230</controlfield><controlfield tag="005">20161230201033</controlfield><controlfield tag="008">060222s1000------------r-----000-0-rus-d</controlfield><datafield ind1=" " ind2=" " tag="040"><subfield code="a">IFIN-HH</subfield></datafield><datafield ind1=" " ind2=" " tag="041"><subfield code="a">rus</subfield></datafield><datafield ind1=" " ind2=" " tag="080"><subfield code="a">539.126.34</subfield></datafield><datafield ind1="1" ind2=" " tag="100"><subfield code="a">Kopalensvili, T.I</subfield></datafield><datafield ind1="1" ind2="0" tag="245"><subfield code="a">Voprosi teorii vzaimodeistvia (pi)-mezonov s iadrami</subfield><subfield code="c">T.i. kopalensvili</subfield></datafield><datafield ind1=" " ind2=" " tag="260"><subfield code="a">Moskva</subfield><subfield code="b">Energoatomizdat</subfield><subfield code="c">1984</subfield></datafield><datafield ind1=" " ind2=" " tag="300"><subfield code="a">193P</subfield></datafield><datafield ind1=" " ind2=" " tag="852"><subfield code="a">72554</subfield><subfield code="c">539.12</subfield></datafield><datafield ind1=" " ind2=" " tag="CAT"><subfield code="a">Sys</subfield><subfield code="c">20120111</subfield><subfield code="h">130032</subfield></datafield></record></collection>